<record><leader>00000cas a22000007a 4500</leader><controlfield tag="001">11315545</controlfield><controlfield tag="008">841026d18901940nyudr ne      0    0eng d</controlfield><datafield ind1=" " ind2=" " tag="010"><subfield code="a">sn 84031885 </subfield></datafield><datafield ind1=" " ind2=" " tag="040"><subfield code="a">NYG</subfield><subfield code="b">eng</subfield><subfield code="c">NYG</subfield><subfield code="d">YOX</subfield><subfield code="d">NYS</subfield><subfield code="d">NVF</subfield><subfield code="d">OCLCQ</subfield><subfield code="d">KRTAS</subfield><subfield code="d">OCLCQ</subfield><subfield code="d">OCLCF</subfield><subfield code="d">OCLCO</subfield></datafield><datafield ind1=" " ind2=" " tag="042"><subfield code="a">msc</subfield></datafield><datafield ind1=" " ind2=" " tag="043"><subfield code="a">n-us-ny</subfield></datafield><datafield ind1="0" ind2="0" tag="245"><subfield code="a">Oneonta daily star.</subfield></datafield><datafield ind1="3" ind2="0" tag="246"><subfield code="a">Daily Oneonta star</subfield></datafield><datafield ind1="3" ind2="0" tag="246"><subfield code="a">Oneonta star</subfield></datafield><datafield ind1=" " ind2=" " tag="260"><subfield code="a">Oneonta, N.Y. :</subfield><subfield code="b">Harry W. Lee,</subfield><subfield code="c">1890-1940.</subfield></datafield><datafield ind1=" " ind2=" " tag="300"><subfield code="a">51 v. :</subfield><subfield code="b">ill. ;</subfield><subfield code="c">55 cm.</subfield></datafield><datafield ind1=" " ind2=" " tag="310"><subfield code="a">Daily</subfield></datafield><datafield ind1="0" ind2=" " tag="362"><subfield code="a">Vol. 1, no. 153 (Dec 15, 1890)-v. 51, no. 15,928 (July 5, 1940).</subfield></datafield><datafield ind1=" " ind2=" " tag="500"><subfield code="a">"Daily" appears in logo Dec. 15, 1890-&lt;Dec. 30, 1890&gt;.</subfield></datafield><datafield ind1=" " ind2="0" tag="651"><subfield code="a">Oneonta (N.Y.)</subfield><subfield code="v">Newspapers.</subfield></datafield><datafield ind1=" " ind2="0" tag="651"><subfield code="a">Otsego County (N.Y.)</subfield><subfield code="v">Newspapers.</subfield></datafield><datafield ind1=" " ind2="7" tag="655"><subfield code="a">Newspapers.</subfield><subfield code="2">fast</subfield><subfield code="0">(OCoLC)fst01423814</subfield></datafield><datafield ind1=" " ind2="7" tag="651"><subfield code="a">New York (State)</subfield><subfield code="z">Oneonta.</subfield><subfield code="2">fast</subfield><subfield code="0">(OCoLC)fst01205347</subfield></datafield><datafield ind1=" " ind2="7" tag="651"><subfield code="a">New York (State)</subfield><subfield code="z">Otsego County.</subfield><subfield code="2">fast</subfield><subfield code="0">(OCoLC)fst01207820</subfield></datafield><datafield ind1=" " ind2=" " tag="752"><subfield code="a">United States</subfield><subfield code="b">New York</subfield><subfield code="c">Otsego</subfield><subfield code="d">Oneonta.</subfield></datafield><datafield ind1="0" ind2="0" tag="780"><subfield code="t">Oneonta star (Oneonta, N.Y. : 1890)</subfield><subfield code="w">(DLC)sn 92061820</subfield><subfield code="w">(OCoLC)25336909</subfield></datafield><datafield ind1="0" ind2="0" tag="785"><subfield code="t">Oneonta star (Oneonta, N.Y. : 1940)</subfield><subfield code="w">(DLC)sn 84031478</subfield><subfield code="w">(OCoLC)10968352</subfield></datafield><datafield ind1=" " ind2=" " tag="938"><subfield code="a">Kirtas Technologies, Inc.</subfield><subfield code="b">KRTS</subfield><subfield code="n">738861</subfield></datafield></record>